Date,Description,Deposits,Withdrawls,Balance
20-Aug-2020,Cheque,"3,391.02",00.00,"83,839.30"
20-Aug-2020,ATM,"147,844.20",00.00,"231,683.50"
20-Aug-2020,IMPS,"17,192.00",00.00,"248,875.50"
21-Aug-2020,Transfer,08.00,00.00,"248,883.50"
21-Aug-2020,Purchase,00.00,"82,961.17","165,922.33"
21-Aug-2020,Tax,"24,459.40",00.00,"190,381.73"
21-Aug-2020,Reversal,00.00,"19,038.17","171,343.56"
21-Aug-2020,Commission,"305,878.00",00.00,"477,221.56"
21-Aug-2020,Reversal,"1,144,337.80",00.00,"1,621,559.36"
21-Aug-2020,Interest,00.00,"405,389.84","1,216,169.52"
21-Aug-2020,Commission,33.08,00.00,"1,216,202.60"
21-Aug-2020,Commission,"20,014.02",00.00,"1,236,216.62"
21-Aug-2020,ATM,00.00,"1,236,216.62",00.00
22-Aug-2020,Cash,"4,031.60",00.00,"4,031.60"
22-Aug-2020,Cheque,04.90,00.00,"4,036.50"
22-Aug-2020,Miscellaneous,488.61,00.00,"4,525.11"
22-Aug-2020,Interest,"667,800.00",00.00,"672,325.11"
22-Aug-2020,Reversal,00.00,"112,054.19","560,270.93"
22-Aug-2020,Purchase,"162,939.70",00.00,"723,210.63"
22-Aug-2020,Interest,361.00,00.00,"723,571.63"
22-Aug-2020,NEFT,00.00,"72,357.16","651,214.47"
23-Aug-2020,Purchase,00.00,"93,030.64","558,183.83"
23-Aug-2020,NEFT,00.00,"93,030.64","465,153.19"
23-Aug-2020,Cheque,00.00,"51,683.69","413,469.50"
23-Aug-2020,Purchase,00.00,"45,941.06","367,528.44"
23-Aug-2020,Miscellaneous,63.65,00.00,"367,592.09"
23-Aug-2020,Debit Card,03.00,00.00,"367,595.09"
23-Aug-2020,Cash,"650,861.00",00.00,"1,018,456.09"
23-Aug-2020,Transfer,34.93,00.00,"1,018,491.02"
23-Aug-2020,Miscellaneous,00.00,"1,018,491.02",00.00
23-Aug-2020,Purchase,06.11,00.00,06.11
23-Aug-2020,RTGS,"15,980.88",00.00,"15,986.99"
23-Aug-2020,ATM,00.00,"15,986.99",00.00
23-Aug-2020,RTGS,306.50,00.00,306.50
23-Aug-2020,Purchase,00.00,61.30,245.20
23-Aug-2020,Tax,46.00,00.00,291.20
23-Aug-2020,Debit Card,00.00,97.07,194.13
23-Aug-2020,Commission,00.00,19.41,174.72
23-Aug-2020,RTGS,06.00,00.00,180.72
23-Aug-2020,Bill,"3,270.84",00.00,"3,451.56"
23-Aug-2020,Transfer,00.00,"1,150.52","2,301.04"
23-Aug-2020,NEFT,00.00,328.72,"1,972.32"
23-Aug-2020,Bill,00.00,197.23,"1,775.09"
23-Aug-2020,Tax,00.00,355.02,"1,420.07"
23-Aug-2020,RTGS,00.00,142.01,"1,278.06"
23-Aug-2020,Purchase,00.00,127.81,"1,150.25"
23-Aug-2020,Bill,"27,458.28",00.00,"28,608.53"
23-Aug-2020,NEFT,00.00,"2,860.85","25,747.68"
23-Aug-2020,Cash,355.23,00.00,"26,102.91"
23-Aug-2020,NEFT,"1,059,877.50",00.00,"1,085,980.41"
23-Aug-2020,Reversal,00.00,"542,990.21","542,990.20"
23-Aug-2020,Tax,00.00,"135,747.55","407,242.65"
23-Aug-2020,ATM,00.00,"58,177.52","349,065.13"
23-Aug-2020,Interest,00.00,"87,266.28","261,798.85"
23-Aug-2020,Cheque,"2,952.00",00.00,"264,750.85"
23-Aug-2020,IMPS,00.00,"66,187.71","198,563.14"
23-Aug-2020,NEFT,00.00,"66,187.71","132,375.43"
23-Aug-2020,Miscellaneous,09.76,00.00,"132,385.19"
23-Aug-2020,Interest,253.26,00.00,"132,638.45"
23-Aug-2020,Cash,00.00,"26,527.69","106,110.76"
23-Aug-2020,Interest,05.90,00.00,"106,116.66"
23-Aug-2020,RTGS,"1,046,966.50",00.00,"1,153,083.16"
23-Aug-2020,Reversal,00.00,"144,135.40","1,008,947.76"
23-Aug-2020,Debit Card,05.00,00.00,"1,008,952.76"
23-Aug-2020,Bill,00.00,"126,119.10","882,833.66"
23-Aug-2020,Interest,66.70,00.00,"882,900.36"
23-Aug-2020,Debit Card,06.00,00.00,"882,906.36"
23-Aug-2020,Bill,00.00,"88,290.64","794,615.72"
23-Aug-2020,Bill,00.00,"99,326.97","695,288.76"
23-Aug-2020,Interest,00.00,"69,528.88","625,759.88"
23-Aug-2020,Bill,33.70,00.00,"625,793.58"
23-Aug-2020,Cheque,429.53,00.00,"626,223.11"
23-Aug-2020,Bill,"1,052,738.00",00.00,"1,678,961.11"
23-Aug-2020,Cash,00.00,"1,678,961.11",00.00
23-Aug-2020,Debit Card,"32,515.61",00.00,"32,515.61"
23-Aug-2020,RTGS,291.20,00.00,"32,806.81"
23-Aug-2020,Commission,"1,190,196.80",00.00,"1,223,003.61"
23-Aug-2020,Debit Card,"1,043,426.00",00.00,"2,266,429.61"
23-Aug-2020,Miscellaneous,00.00,"283,303.70","1,983,125.91"
23-Aug-2020,Reversal,06.70,00.00,"1,983,132.61"
23-Aug-2020,Interest,00.00,"220,348.07","1,762,784.54"
23-Aug-2020,Cheque,00.00,"440,696.14","1,322,088.40"
23-Aug-2020,Transfer,26.90,00.00,"1,322,115.30"
23-Aug-2020,NEFT,08.00,00.00,"1,322,123.30"
23-Aug-2020,RTGS,"6,899.92",00.00,"1,329,023.22"
23-Aug-2020,Debit Card,"1,413.00",00.00,"1,330,436.22"
23-Aug-2020,Commission,00.00,"443,478.74","886,957.48"
23-Aug-2020,Bill,00.00,"126,708.21","760,249.27"
23-Aug-2020,Miscellaneous,00.00,"108,607.04","651,642.23"
23-Aug-2020,Transfer,308.80,00.00,"651,951.03"
24-Aug-2020,Cash,00.00,"108,658.51","543,292.52"
24-Aug-2020,Tax,"392,733.00",00.00,"936,025.52"
24-Aug-2020,Reversal,00.00,"936,025.52",00.00
24-Aug-2020,Commission,06.50,00.00,06.50
24-Aug-2020,IMPS,"7,264.00",00.00,"7,270.50"
24-Aug-2020,RTGS,"81,053.00",00.00,"88,323.50"
24-Aug-2020,Cheque,"21,261.31",00.00,"109,584.81"
24-Aug-2020,Interest,00.00,"10,958.48","98,626.33"
24-Aug-2020,Transfer,12.21,00.00,"98,638.54"
24-Aug-2020,Purchase,00.00,"16,439.76","82,198.78"
24-Aug-2020,Commission,00.00,"13,699.80","68,498.98"
25-Aug-2020,NEFT,32.90,00.00,"68,531.88"
25-Aug-2020,Debit Card,00.00,"68,531.88",00.00
25-Aug-2020,Reversal,00.14,00.00,00.14
25-Aug-2020,Cash,00.00,00.07,00.07
25-Aug-2020,Cheque,00.00,00.01,00.06
25-Aug-2020,Cheque,19.70,00.00,19.76
26-Aug-2020,Miscellaneous,00.00,02.82,16.94
26-Aug-2020,Transfer,00.00,02.42,14.52
26-Aug-2020,Miscellaneous,00.00,04.84,09.68
26-Aug-2020,Interest,"8,877.00",00.00,"8,886.68"
26-Aug-2020,Bill,00.00,888.67,"7,998.01"
26-Aug-2020,Purchase,00.00,"1,142.57","6,855.44"
26-Aug-2020,Transfer,00.00,856.93,"5,998.51"
26-Aug-2020,Commission,"372,901.00",00.00,"378,899.51"
26-Aug-2020,NEFT,103.45,00.00,"379,002.96"
26-Aug-2020,Tax,03.50,00.00,"379,006.46"
26-Aug-2020,Purchase,00.00,"126,335.49","252,670.97"
26-Aug-2020,ATM,"28,882.63",00.00,"281,553.60"
26-Aug-2020,Tax,00.00,"70,388.40","211,165.20"
26-Aug-2020,ATM,00.00,"26,395.65","184,769.55"
26-Aug-2020,Reversal,"1,042,156.00",00.00,"1,226,925.55"
26-Aug-2020,Commission,00.00,"306,731.39","920,194.16"
26-Aug-2020,Cheque,00.00,"306,731.39","613,462.77"
26-Aug-2020,NEFT,"5,077.00",00.00,"618,539.77"
26-Aug-2020,Reversal,00.00,"77,317.47","541,222.30"
26-Aug-2020,Tax,502.53,00.00,"541,724.83"
26-Aug-2020,ATM,"304,576.00",00.00,"846,300.83"
26-Aug-2020,IMPS,242.65,00.00,"846,543.48"
26-Aug-2020,ATM,00.00,"120,934.78","725,608.70"
26-Aug-2020,Reversal,30.00,00.00,"725,638.70"
26-Aug-2020,NEFT,"49,253.00",00.00,"774,891.70"
26-Aug-2020,IMPS,26.00,00.00,"774,917.70"
26-Aug-2020,Debit Card,00.00,"154,983.54","619,934.16"
26-Aug-2020,Tax,00.00,"61,993.42","557,940.74"
26-Aug-2020,Commission,00.00,"557,940.74",00.00
26-Aug-2020,NEFT,"2,050,673.75",00.00,"2,050,673.75"
26-Aug-2020,Commission,"1,141,399.50",00.00,"3,192,073.25"
26-Aug-2020,Debit Card,00.00,"456,010.46","2,736,062.79"
26-Aug-2020,Miscellaneous,00.00,"547,212.56","2,188,850.23"
26-Aug-2020,Interest,"6,572.59",00.00,"2,195,422.82"
26-Aug-2020,Commission,08.00,00.00,"2,195,430.82"
26-Aug-2020,Commission,00.00,"439,086.16","1,756,344.66"
26-Aug-2020,Debit Card,03.00,00.00,"1,756,347.66"
26-Aug-2020,RTGS,"1,518,839.80",00.00,"3,275,187.46"
26-Aug-2020,Interest,00.00,"545,864.58","2,729,322.88"
26-Aug-2020,Miscellaneous,01.00,00.00,"2,729,323.88"
26-Aug-2020,Cash,446.57,00.00,"2,729,770.45"
26-Aug-2020,Interest,"20,133.00",00.00,"2,749,903.45"
26-Aug-2020,Purchase,00.00,"274,990.35","2,474,913.10"
26-Aug-2020,Cheque,"1,377.60",00.00,"2,476,290.70"
26-Aug-2020,ATM,00.00,"495,258.14","1,981,032.56"
26-Aug-2020,Commission,"108,095.72",00.00,"2,089,128.28"
27-Aug-2020,NEFT,"14,753.10",00.00,"2,103,881.38"
27-Aug-2020,Interest,31.20,00.00,"2,103,912.58"
27-Aug-2020,IMPS,31.00,00.00,"2,103,943.58"
27-Aug-2020,Bill,"29,117.76",00.00,"2,133,061.34"
27-Aug-2020,NEFT,80.80,00.00,"2,133,142.14"
27-Aug-2020,Tax,00.00,"266,642.77","1,866,499.37"
27-Aug-2020,Debit Card,00.00,"186,649.94","1,679,849.43"
27-Aug-2020,Debit Card,00.00,"167,984.94","1,511,864.49"
27-Aug-2020,Miscellaneous,00.00,"503,954.83","1,007,909.66"
27-Aug-2020,RTGS,"12,216.00",00.00,"1,020,125.66"
27-Aug-2020,Purchase,307.00,00.00,"1,020,432.66"
27-Aug-2020,Transfer,00.00,"1,020,432.66",00.00
27-Aug-2020,Cheque,04.00,00.00,04.00
27-Aug-2020,Transfer,00.00,02.00,02.00
27-Aug-2020,Bill,00.00,00.25,01.75
27-Aug-2020,Commission,00.00,00.25,01.50
27-Aug-2020,Purchase,00.00,01.50,00.00
28-Aug-2020,Debit Card,431.98,00.00,431.98
28-Aug-2020,Debit Card,"194,391.10",00.00,"194,823.08"
29-Aug-2020,Reversal,00.00,"48,705.77","146,117.31"
29-Aug-2020,RTGS,00.00,"18,264.66","127,852.65"
29-Aug-2020,Reversal,00.00,"127,852.65",00.00
29-Aug-2020,ATM,84.60,00.00,84.60
29-Aug-2020,IMPS,"28,480.00",00.00,"28,564.60"
29-Aug-2020,Cheque,"1,980.76",00.00,"30,545.36"
29-Aug-2020,Debit Card,00.00,"15,272.68","15,272.68"
29-Aug-2020,RTGS,"1,491,695.00",00.00,"1,506,967.68"
29-Aug-2020,NEFT,00.00,"167,440.85","1,339,526.83"
29-Aug-2020,Cheque,00.00,"1,339,526.83",00.00
29-Aug-2020,Debit Card,03.00,00.00,03.00
29-Aug-2020,Miscellaneous,31.14,00.00,34.14
29-Aug-2020,Purchase,00.00,08.54,25.60
29-Aug-2020,Miscellaneous,"6,982.43",00.00,"7,008.03"
30-Aug-2020,Miscellaneous,07.00,00.00,"7,015.03"
31-Aug-2020,ATM,"2,256.82",00.00,"9,271.85"
31-Aug-2020,Bill,"31,814.10",00.00,"41,085.95"
31-Aug-2020,Commission,"1,434,390.00",00.00,"1,475,475.95"
31-Aug-2020,Transfer,00.00,"368,868.99","1,106,606.96"
31-Aug-2020,Cheque,00.00,"221,321.39","885,285.57"
31-Aug-2020,NEFT,"1,994,907.80",00.00,"2,880,193.37"
31-Aug-2020,Bill,"7,456.80",00.00,"2,887,650.17"
31-Aug-2020,Purchase,40.70,00.00,"2,887,690.87"
31-Aug-2020,Cheque,"2,267.40",00.00,"2,889,958.27"
31-Aug-2020,Bill,00.00,"1,444,979.14","1,444,979.14"
31-Aug-2020,Reversal,00.00,"361,244.79","1,083,734.36"
31-Aug-2020,Transfer,"7,249.00",00.00,"1,090,983.36"
31-Aug-2020,Transfer,00.00,"121,220.37","969,762.99"
31-Aug-2020,Reversal,00.00,"96,976.30","872,786.69"
31-Aug-2020,Reversal,06.10,00.00,"872,792.79"
31-Aug-2020,Commission,00.00,"145,465.47","727,327.32"
31-Aug-2020,IMPS,"68,690.00",00.00,"796,017.32"
31-Aug-2020,Transfer,00.00,"199,004.33","597,012.99"
31-Aug-2020,Bill,00.00,"66,334.78","530,678.21"
31-Aug-2020,Tax,00.00,"66,334.78","464,343.43"
31-Aug-2020,Bill,00.00,"464,343.43",00.00
31-Aug-2020,Miscellaneous,53.20,00.00,53.20
31-Aug-2020,Commission,02.30,00.00,55.50
01-Sep-2020,ATM,00.00,06.17,49.33
01-Sep-2020,ATM,"984,263.00",00.00,"984,312.33"
01-Sep-2020,Cheque,"154,027.00",00.00,"1,138,339.33"
01-Sep-2020,Interest,"1,366.00",00.00,"1,139,705.33"
01-Sep-2020,Debit Card,00.00,"142,463.17","997,242.16"
01-Sep-2020,Interest,00.00,"249,310.54","747,931.62"
01-Sep-2020,Cheque,00.00,"249,310.54","498,621.08"
01-Sep-2020,Tax,274.20,00.00,"498,895.28"
01-Sep-2020,NEFT,00.00,"249,447.64","249,447.64"
01-Sep-2020,IMPS,"7,158.00",00.00,"256,605.64"
01-Sep-2020,Debit Card,09.70,00.00,"256,615.34"
01-Sep-2020,ATM,00.00,"128,307.67","128,307.67"
01-Sep-2020,RTGS,"1,573.20",00.00,"129,880.87"
01-Sep-2020,Bill,181.50,00.00,"130,062.37"
01-Sep-2020,Cash,06.62,00.00,"130,068.99"
02-Sep-2020,Cheque,"2,025.80",00.00,"132,094.79"
02-Sep-2020,Commission,00.00,"132,094.79",00.00
03-Sep-2020,Tax,"210,326.00",00.00,"210,326.00"
03-Sep-2020,Commission,"1,350,758.80",00.00,"1,561,084.80"
03-Sep-2020,ATM,00.00,"173,453.87","1,387,630.93"
03-Sep-2020,ATM,00.00,"1,387,630.93",00.00
03-Sep-2020,Commission,"3,482.97",00.00,"3,482.97"
03-Sep-2020,ATM,"21,814.90",00.00,"25,297.87"
03-Sep-2020,Tax,00.00,"6,324.47","18,973.40"
03-Sep-2020,Reversal,00.00,"3,162.23","15,811.17"
03-Sep-2020,ATM,00.00,"1,976.40","13,834.77"
03-Sep-2020,Transfer,"1,863,596.80",00.00,"1,877,431.57"
03-Sep-2020,Transfer,00.00,"625,810.52","1,251,621.05"
03-Sep-2020,Transfer,00.00,"312,905.26","938,715.79"
03-Sep-2020,Transfer,"2,973.90",00.00,"941,689.69"
03-Sep-2020,Reversal,23.00,00.00,"941,712.69"
04-Sep-2020,Tax,00.00,"117,714.09","823,998.60"
04-Sep-2020,Reversal,00.00,"411,999.30","411,999.30"
04-Sep-2020,IMPS,07.17,00.00,"412,006.47"
04-Sep-2020,Miscellaneous,00.00,"41,200.65","370,805.82"
04-Sep-2020,Cash,00.00,"52,972.26","317,833.56"
04-Sep-2020,Reversal,00.00,"158,916.78","158,916.78"
04-Sep-2020,ATM,"165,605.00",00.00,"324,521.78"
04-Sep-2020,NEFT,00.00,"36,057.98","288,463.80"
04-Sep-2020,ATM,00.00,"144,231.90","144,231.90"
04-Sep-2020,NEFT,288.80,00.00,"144,520.70"
04-Sep-2020,Bill,00.00,"48,173.57","96,347.13"
04-Sep-2020,Reversal,12.00,00.00,"96,359.13"
04-Sep-2020,IMPS,13.00,00.00,"96,372.13"
04-Sep-2020,Reversal,"190,301.80",00.00,"286,673.93"
04-Sep-2020,Bill,03.93,00.00,"286,677.86"
04-Sep-2020,Cash,"51,929.00",00.00,"338,606.86"
04-Sep-2020,Miscellaneous,49.00,00.00,"338,655.86"
05-Sep-2020,Transfer,00.00,"112,885.29","225,770.57"
05-Sep-2020,Transfer,01.00,00.00,"225,771.57"
05-Sep-2020,RTGS,"33,552.00",00.00,"259,323.57"
05-Sep-2020,Reversal,00.00,"37,046.22","222,277.35"
05-Sep-2020,Purchase,"1,296.70",00.00,"223,574.05"
05-Sep-2020,Interest,114.00,00.00,"223,688.05"
05-Sep-2020,RTGS,"1,999.40",00.00,"225,687.45"
05-Sep-2020,Bill,06.00,00.00,"225,693.45"
05-Sep-2020,Cheque,00.00,"32,241.92","193,451.53"
05-Sep-2020,Purchase,00.00,"19,345.15","174,106.38"
05-Sep-2020,Bill,"2,554.90",00.00,"176,661.28"
05-Sep-2020,RTGS,00.00,"22,082.66","154,578.62"
05-Sep-2020,Bill,"159,303.28",00.00,"313,881.90"
05-Sep-2020,NEFT,00.00,"31,388.19","282,493.71"
05-Sep-2020,Cheque,853.00,00.00,"283,346.71"
05-Sep-2020,IMPS,00.00,"56,669.34","226,677.37"
05-Sep-2020,Reversal,"145,939.66",00.00,"372,617.03"
05-Sep-2020,Bill,00.00,"46,577.13","326,039.90"
05-Sep-2020,Purchase,"3,043.00",00.00,"329,082.90"
05-Sep-2020,Commission,"20,403.00",00.00,"349,485.90"
05-Sep-2020,Transfer,00.00,"69,897.18","279,588.72"
05-Sep-2020,ATM,915.00,00.00,"280,503.72"
05-Sep-2020,Reversal,00.00,"280,503.72",00.00
05-Sep-2020,NEFT,54.98,00.00,54.98
05-Sep-2020,Reversal,00.00,11.00,43.98
05-Sep-2020,Interest,191.00,00.00,234.98
05-Sep-2020,RTGS,00.00,26.11,208.87
05-Sep-2020,Interest,00.00,29.84,179.03
05-Sep-2020,Reversal,"185,222.25",00.00,"185,401.28"
05-Sep-2020,Commission,00.00,"30,900.21","154,501.07"
06-Sep-2020,Miscellaneous,00.00,"15,450.11","139,050.96"
07-Sep-2020,Cheque,"201,799.00",00.00,"340,849.96"
07-Sep-2020,Transfer,00.00,"170,424.98","170,424.98"
07-Sep-2020,Reversal,11.60,00.00,"170,436.58"
07-Sep-2020,ATM,"104,339.00",00.00,"274,775.58"
07-Sep-2020,Bill,00.00,"45,795.93","228,979.65"
08-Sep-2020,Tax,410.25,00.00,"229,389.90"
08-Sep-2020,Purchase,"32,018.00",00.00,"261,407.90"
08-Sep-2020,Purchase,97.49,00.00,"261,505.39"
08-Sep-2020,Purchase,"1,891.00",00.00,"263,396.39"
08-Sep-2020,NEFT,34.36,00.00,"263,430.75"
08-Sep-2020,Cheque,"186,691.12",00.00,"450,121.87"
08-Sep-2020,Purchase,03.00,00.00,"450,124.87"
08-Sep-2020,Bill,00.00,"45,012.49","405,112.38"
08-Sep-2020,ATM,133.90,00.00,"405,246.28"
08-Sep-2020,Cheque,300.84,00.00,"405,547.12"
08-Sep-2020,Debit Card,"4,017.70",00.00,"409,564.82"
08-Sep-2020,Bill,00.00,"81,912.96","327,651.86"
08-Sep-2020,Transfer,00.00,"327,651.86",00.00
08-Sep-2020,Interest,"24,809.23",00.00,"24,809.23"
09-Sep-2020,Tax,00.00,"3,544.18","21,265.05"
09-Sep-2020,Bill,00.00,"21,265.05",00.00
09-Sep-2020,IMPS,182.00,00.00,182.00
09-Sep-2020,RTGS,"27,123.40",00.00,"27,305.40"
09-Sep-2020,Purchase,03.80,00.00,"27,309.20"
09-Sep-2020,Tax,00.00,"6,827.30","20,481.90"
09-Sep-2020,Interest,00.00,"20,481.90",00.00
10-Sep-2020,RTGS,184.10,00.00,184.10
10-Sep-2020,Reversal,00.00,23.01,161.09
10-Sep-2020,IMPS,00.00,40.27,120.82
10-Sep-2020,ATM,"463,902.25",00.00,"464,023.07"
10-Sep-2020,Miscellaneous,00.00,"116,005.77","348,017.30"
10-Sep-2020,Interest,13.73,00.00,"348,031.03"
10-Sep-2020,ATM,"583,057.50",00.00,"931,088.53"
10-Sep-2020,Cash,"85,824.16",00.00,"1,016,912.69"
10-Sep-2020,Cheque,00.00,"112,990.30","903,922.39"
10-Sep-2020,Reversal,00.00,"301,307.46","602,614.93"
10-Sep-2020,Debit Card,"7,673.00",00.00,"610,287.93"
10-Sep-2020,Cash,"511,620.00",00.00,"1,121,907.93"
10-Sep-2020,Miscellaneous,00.00,"560,953.97","560,953.96"
10-Sep-2020,Cheque,04.18,00.00,"560,958.14"
10-Sep-2020,Cheque,"836,263.50",00.00,"1,397,221.64"
10-Sep-2020,Cheque,00.00,"139,722.16","1,257,499.48"
10-Sep-2020,Bill,05.30,00.00,"1,257,504.78"
10-Sep-2020,Purchase,391.60,00.00,"1,257,896.38"
10-Sep-2020,IMPS,00.00,"179,699.48","1,078,196.90"
10-Sep-2020,Purchase,00.00,"1,078,196.90",00.00
10-Sep-2020,ATM,131.10,00.00,131.10
10-Sep-2020,Reversal,00.00,14.57,116.53
10-Sep-2020,NEFT,00.00,38.84,77.69
10-Sep-2020,Miscellaneous,"5,999.00",00.00,"6,076.69"
10-Sep-2020,Bill,"22,640.61",00.00,"28,717.30"
10-Sep-2020,Cheque,"1,138,106.80",00.00,"1,166,824.10"
10-Sep-2020,Bill,49.61,00.00,"1,166,873.71"
10-Sep-2020,Bill,00.00,"194,478.95","972,394.76"
10-Sep-2020,Interest,"51,062.20",00.00,"1,023,456.96"
10-Sep-2020,Cheque,"3,724.30",00.00,"1,027,181.26"
10-Sep-2020,Cheque,00.00,"205,436.25","821,745.01"
10-Sep-2020,Tax,"16,209.80",00.00,"837,954.81"
10-Sep-2020,RTGS,00.00,"83,795.48","754,159.33"
10-Sep-2020,Interest,00.00,"83,795.48","670,363.85"
10-Sep-2020,Reversal,"1,813,198.50",00.00,"2,483,562.35"
10-Sep-2020,Interest,00.00,"275,951.37","2,207,610.98"
10-Sep-2020,Interest,39.00,00.00,"2,207,649.98"
11-Sep-2020,Tax,"2,606.00",00.00,"2,210,255.98"
11-Sep-2020,Cheque,00.00,"2,210,255.98",00.00
11-Sep-2020,Cheque,"173,299.16",00.00,"173,299.16"
11-Sep-2020,ATM,00.00,"21,662.40","151,636.77"
11-Sep-2020,ATM,"621,766.75",00.00,"773,403.52"
11-Sep-2020,NEFT,00.00,"128,900.59","644,502.93"
11-Sep-2020,Cash,00.00,"161,125.73","483,377.20"
11-Sep-2020,Interest,00.00,"120,844.30","362,532.90"
11-Sep-2020,Commission,00.00,"120,844.30","241,688.60"
11-Sep-2020,Transfer,"567,295.50",00.00,"808,984.10"
12-Sep-2020,NEFT,05.60,00.00,"808,989.70"
12-Sep-2020,Reversal,00.00,"134,831.62","674,158.08"
12-Sep-2020,Cash,42.90,00.00,"674,200.98"
12-Sep-2020,NEFT,"2,904.49",00.00,"677,105.47"
12-Sep-2020,Cash,00.00,"84,638.18","592,467.29"
12-Sep-2020,Cash,"196,578.50",00.00,"789,045.79"
12-Sep-2020,Cheque,01.20,00.00,"789,046.99"
12-Sep-2020,Transfer,39.20,00.00,"789,086.19"
12-Sep-2020,RTGS,00.00,"87,676.24","701,409.95"
12-Sep-2020,Commission,00.00,"233,803.32","467,606.63"
12-Sep-2020,RTGS,00.00,00.00,"467,606.63"
12-Sep-2020,Purchase,00.00,"93,521.33","374,085.30"
12-Sep-2020,Purchase,00.00,"41,565.03","332,520.27"
12-Sep-2020,Interest,"19,537.20",00.00,"352,057.47"
13-Sep-2020,NEFT,379.00,00.00,"352,436.47"
13-Sep-2020,NEFT,405.10,00.00,"352,841.57"
13-Sep-2020,Cash,00.00,"50,405.94","302,435.63"
13-Sep-2020,Bill,00.00,"30,243.56","272,192.07"
13-Sep-2020,Interest,00.00,"34,024.01","238,168.06"
13-Sep-2020,Miscellaneous,00.00,"238,168.06",00.00
13-Sep-2020,Debit Card,06.39,00.00,06.39
13-Sep-2020,Transfer,00.00,06.39,00.00
13-Sep-2020,IMPS,812.00,00.00,812.00
13-Sep-2020,Cash,"3,218.00",00.00,"4,030.00"
13-Sep-2020,Interest,00.00,447.78,"3,582.22"
13-Sep-2020,ATM,00.00,447.78,"3,134.44"
13-Sep-2020,Miscellaneous,00.00,626.89,"2,507.55"
13-Sep-2020,Interest,"58,080.00",00.00,"60,587.55"
13-Sep-2020,Purchase,00.00,"60,587.55",00.00
13-Sep-2020,Tax,"2,318.48",00.00,"2,318.48"
13-Sep-2020,Purchase,00.00,"2,318.48",00.00
13-Sep-2020,Debit Card,423.33,00.00,423.33
13-Sep-2020,Bill,"15,571.00",00.00,"15,994.33"
13-Sep-2020,Bill,00.00,"5,331.44","10,662.89"
13-Sep-2020,Commission,00.00,"1,184.77","9,478.12"
14-Sep-2020,NEFT,00.00,"1,184.77","8,293.36"
14-Sep-2020,RTGS,"201,882.25",00.00,"210,175.61"
14-Sep-2020,Cash,419.25,00.00,"210,594.86"
14-Sep-2020,RTGS,00.00,"26,324.36","184,270.50"
14-Sep-2020,Bill,"103,581.70",00.00,"287,852.20"
14-Sep-2020,Cash,"1,607,421.25",00.00,"1,895,273.45"
14-Sep-2020,ATM,00.00,"473,818.36","1,421,455.09"
14-Sep-2020,Tax,00.00,"142,145.51","1,279,309.58"
14-Sep-2020,ATM,06.33,00.00,"1,279,315.91"
14-Sep-2020,Miscellaneous,"3,948.00",00.00,"1,283,263.91"
14-Sep-2020,NEFT,111.09,00.00,"1,283,375.00"
14-Sep-2020,Commission,00.00,"160,421.88","1,122,953.12"
14-Sep-2020,Transfer,"7,244.00",00.00,"1,130,197.12"
14-Sep-2020,Bill,"8,014.55",00.00,"1,138,211.67"
14-Sep-2020,Bill,61.00,00.00,"1,138,272.67"
14-Sep-2020,Interest,00.00,"284,568.17","853,704.50"
14-Sep-2020,RTGS,00.00,"121,957.79","731,746.71"
14-Sep-2020,Debit Card,00.00,"91,468.34","640,278.37"
14-Sep-2020,RTGS,00.00,"128,055.67","512,222.70"
14-Sep-2020,Purchase,"1,865.00",00.00,"514,087.70"
14-Sep-2020,Miscellaneous,"9,342.40",00.00,"523,430.10"
14-Sep-2020,Cheque,"2,749.40",00.00,"526,179.50"
14-Sep-2020,Tax,00.00,"105,235.90","420,943.60"
14-Sep-2020,Interest,00.00,"105,235.90","315,707.70"
14-Sep-2020,NEFT,00.00,"31,570.77","284,136.93"
14-Sep-2020,RTGS,419.90,00.00,"284,556.83"
14-Sep-2020,Cash,"778,190.00",00.00,"1,062,746.83"
14-Sep-2020,Transfer,51.10,00.00,"1,062,797.93"
14-Sep-2020,ATM,07.00,00.00,"1,062,804.93"
14-Sep-2020,Miscellaneous,"1,906.00",00.00,"1,064,710.93"
14-Sep-2020,Purchase,00.00,"266,177.73","798,533.20"
14-Sep-2020,Bill,"3,702.00",00.00,"802,235.20"
14-Sep-2020,Transfer,00.00,"133,705.87","668,529.33"
14-Sep-2020,Bill,"3,408.60",00.00,"671,937.93"
14-Sep-2020,Miscellaneous,00.00,"223,979.31","447,958.62"
14-Sep-2020,Interest,232.55,00.00,"448,191.17"
14-Sep-2020,Commission,00.00,"149,397.06","298,794.11"
14-Sep-2020,Cash,05.34,00.00,"298,799.45"
14-Sep-2020,RTGS,04.05,00.00,"298,803.50"
14-Sep-2020,IMPS,00.00,"298,803.50",00.00
14-Sep-2020,NEFT,"1,305,216.50",00.00,"1,305,216.50"
14-Sep-2020,Purchase,"2,727.30",00.00,"1,307,943.80"
14-Sep-2020,Transfer,00.00,"326,985.95","980,957.85"
14-Sep-2020,Cash,370.00,00.00,"981,327.85"
14-Sep-2020,Cheque,03.70,00.00,"981,331.55"
14-Sep-2020,Debit Card,316.93,00.00,"981,648.48"
14-Sep-2020,Debit Card,"1,826,917.00",00.00,"2,808,565.48"
14-Sep-2020,RTGS,01.40,00.00,"2,808,566.88"
14-Sep-2020,Debit Card,00.00,"561,713.38","2,246,853.50"
14-Sep-2020,Purchase,00.00,"449,370.70","1,797,482.80"
14-Sep-2020,Commission,00.00,"299,580.47","1,497,902.33"
14-Sep-2020,Cheque,00.00,"249,650.39","1,248,251.94"
14-Sep-2020,RTGS,00.00,"416,083.98","832,167.96"
14-Sep-2020,Miscellaneous,"222,220.16",00.00,"1,054,388.12"
14-Sep-2020,RTGS,"202,931.40",00.00,"1,257,319.52"
14-Sep-2020,Purchase,00.00,"157,164.94","1,100,154.58"
14-Sep-2020,Bill,00.00,"183,359.10","916,795.48"
14-Sep-2020,Miscellaneous,38.07,00.00,"916,833.55"
14-Sep-2020,Commission,"147,797.00",00.00,"1,064,630.55"
14-Sep-2020,Transfer,00.00,"532,315.28","532,315.28"
14-Sep-2020,Miscellaneous,00.00,"53,231.53","479,083.75"
14-Sep-2020,Reversal,"6,320.11",00.00,"485,403.86"
14-Sep-2020,Cash,06.06,00.00,"485,409.92"
14-Sep-2020,Cash,00.00,"60,676.24","424,733.68"
14-Sep-2020,ATM,"3,916.00",00.00,"428,649.68"
14-Sep-2020,RTGS,"23,383.16",00.00,"452,032.84"
15-Sep-2020,Commission,00.00,"64,576.12","387,456.72"
15-Sep-2020,Tax,00.00,"38,745.67","348,711.05"
15-Sep-2020,IMPS,00.00,"348,711.05",00.00
15-Sep-2020,NEFT,"1,257.00",00.00,"1,257.00"
15-Sep-2020,Cash,00.00,179.57,"1,077.43"
15-Sep-2020,IMPS,00.00,"1,077.43",00.00
15-Sep-2020,Bill,342.93,00.00,342.93
15-Sep-2020,Debit Card,00.00,42.87,300.06
15-Sep-2020,Interest,00.00,100.02,200.04
15-Sep-2020,Miscellaneous,05.37,00.00,205.41
15-Sep-2020,Debit Card,132.90,00.00,338.31
15-Sep-2020,Tax,"22,987.00",00.00,"23,325.31"
15-Sep-2020,Cheque,00.00,"5,831.33","17,493.98"
15-Sep-2020,Bill,00.00,"8,746.99","8,746.99"
15-Sep-2020,Tax,00.00,"8,746.99",00.00
15-Sep-2020,Cheque,05.55,00.00,05.55
15-Sep-2020,Reversal,00.00,05.55,00.00
15-Sep-2020,Tax,126.50,00.00,126.50
15-Sep-2020,Commission,00.00,21.08,105.42
15-Sep-2020,Transfer,00.00,52.71,52.71
15-Sep-2020,NEFT,00.00,13.18,39.53
15-Sep-2020,Miscellaneous,04.22,00.00,43.75
15-Sep-2020,Purchase,00.00,05.47,38.28
15-Sep-2020,Interest,00.00,38.28,00.00
15-Sep-2020,Bill,457.84,00.00,457.84
15-Sep-2020,ATM,451.40,00.00,909.24
15-Sep-2020,Cheque,00.00,454.62,454.62
15-Sep-2020,ATM,"20,622.50",00.00,"21,077.12"
15-Sep-2020,Transfer,00.90,00.00,"21,078.02"
15-Sep-2020,Cheque,"1,025.70",00.00,"22,103.72"
15-Sep-2020,Interest,00.00,"3,683.95","18,419.77"
15-Sep-2020,Commission,00.00,"3,683.95","14,735.82"
15-Sep-2020,Interest,00.00,"1,473.58","13,262.24"
15-Sep-2020,Cheque,00.00,"13,262.24",00.00
15-Sep-2020,Cheque,"994,038.00",00.00,"994,038.00"
15-Sep-2020,Interest,00.00,"198,807.60","795,230.40"
16-Sep-2020,Interest,00.00,"198,807.60","596,422.80"
16-Sep-2020,IMPS,00.00,"74,552.85","521,869.95"
17-Sep-2020,Reversal,00.00,"74,552.85","447,317.10"
17-Sep-2020,IMPS,00.00,"49,701.90","397,615.20"
17-Sep-2020,NEFT,00.00,"49,701.90","347,913.30"
17-Sep-2020,Transfer,00.00,"86,978.33","260,934.97"
17-Sep-2020,Transfer,00.00,"65,233.74","195,701.23"
17-Sep-2020,Transfer,00.00,"195,701.23",00.00
17-Sep-2020,Cheque,136.01,00.00,136.01
17-Sep-2020,Transfer,00.00,13.60,122.41
17-Sep-2020,Commission,193.66,00.00,316.07
17-Sep-2020,RTGS,13.00,00.00,329.07
17-Sep-2020,IMPS,06.00,00.00,335.07
17-Sep-2020,Cheque,00.00,37.23,297.84
17-Sep-2020,Purchase,00.00,37.23,260.61
17-Sep-2020,Transfer,02.00,00.00,262.61
17-Sep-2020,Commission,00.00,262.61,00.00
17-Sep-2020,Tax,"9,828.98",00.00,"9,828.98"
17-Sep-2020,Commission,"600,156.50",00.00,"609,985.48"
17-Sep-2020,Bill,00.00,"609,985.48",00.00
17-Sep-2020,RTGS,"29,450.75",00.00,"29,450.75"
17-Sep-2020,Cash,00.00,"3,681.34","25,769.41"
17-Sep-2020,IMPS,00.00,"2,863.27","22,906.14"
17-Sep-2020,Interest,00.00,"11,453.07","11,453.07"
17-Sep-2020,Cheque,00.00,"5,726.54","5,726.54"
17-Sep-2020,IMPS,284.40,00.00,"6,010.94"
17-Sep-2020,NEFT,00.00,"2,003.65","4,007.29"
17-Sep-2020,RTGS,"1,914,618.25",00.00,"1,918,625.54"
17-Sep-2020,RTGS,"221,929.50",00.00,"2,140,555.04"
17-Sep-2020,Tax,00.00,"428,111.01","1,712,444.03"
17-Sep-2020,Bill,125.10,00.00,"1,712,569.13"
17-Sep-2020,Purchase,00.00,"190,285.46","1,522,283.67"
17-Sep-2020,NEFT,"1,240,887.00",00.00,"2,763,170.67"
17-Sep-2020,Cheque,51.80,00.00,"2,763,222.47"
17-Sep-2020,Commission,00.00,"552,644.49","2,210,577.98"
17-Sep-2020,Transfer,"1,614,432.25",00.00,"3,825,010.23"
17-Sep-2020,ATM,00.00,"765,002.05","3,060,008.18"
17-Sep-2020,Purchase,00.00,"510,001.36","2,550,006.82"
17-Sep-2020,RTGS,00.00,"425,001.14","2,125,005.68"
17-Sep-2020,Miscellaneous,"1,815,043.25",00.00,"3,940,048.93"
17-Sep-2020,Miscellaneous,"64,893.60",00.00,"4,004,942.53"
17-Sep-2020,IMPS,"809,104.80",00.00,"4,814,047.33"
17-Sep-2020,Cash,"2,979.00",00.00,"4,817,026.33"
17-Sep-2020,RTGS,371.52,00.00,"4,817,397.85"
17-Sep-2020,Transfer,"126,231.00",00.00,"4,943,628.85"
17-Sep-2020,Transfer,00.00,"1,647,876.28","3,295,752.57"
17-Sep-2020,Purchase,385.81,00.00,"3,296,138.38"
17-Sep-2020,Commission,00.00,"3,296,138.38",00.00
17-Sep-2020,Miscellaneous,29.24,00.00,29.24
17-Sep-2020,Bill,55.00,00.00,84.24
17-Sep-2020,Debit Card,07.20,00.00,91.44
17-Sep-2020,NEFT,11.00,00.00,102.44
17-Sep-2020,NEFT,"31,724.70",00.00,"31,827.14"
17-Sep-2020,Cash,00.00,"6,365.43","25,461.71"
17-Sep-2020,Bill,00.00,"12,730.86","12,730.86"
17-Sep-2020,Debit Card,208.70,00.00,"12,939.56"
17-Sep-2020,Cash,49.00,00.00,"12,988.56"
17-Sep-2020,Miscellaneous,"111,773.00",00.00,"124,761.56"
17-Sep-2020,Purchase,"23,196.16",00.00,"147,957.72"
17-Sep-2020,Cheque,"2,993.79",00.00,"150,951.51"
17-Sep-2020,Interest,00.00,"150,951.51",00.00
17-Sep-2020,Debit Card,"28,309.00",00.00,"28,309.00"
17-Sep-2020,Interest,00.00,"14,154.50","14,154.50"
17-Sep-2020,Cash,663.00,00.00,"14,817.50"
17-Sep-2020,Tax,00.00,"1,481.75","13,335.75"
17-Sep-2020,Cash,00.00,"13,335.75",00.00
17-Sep-2020,ATM,"159,100.06",00.00,"159,100.06"
17-Sep-2020,Reversal,00.00,"39,775.02","119,325.04"
17-Sep-2020,RTGS,61.00,00.00,"119,386.04"
17-Sep-2020,Debit Card,00.00,"119,386.04",00.00
17-Sep-2020,Debit Card,263.10,00.00,263.10
17-Sep-2020,Cheque,"3,430.80",00.00,"3,693.90"
17-Sep-2020,IMPS,00.00,"3,693.90",00.00
17-Sep-2020,IMPS,"318,121.00",00.00,"318,121.00"
17-Sep-2020,Cheque,61.20,00.00,"318,182.20"
17-Sep-2020,Reversal,00.00,"318,182.20",00.00
17-Sep-2020,Bill,446.00,00.00,446.00
18-Sep-2020,NEFT,00.00,44.60,401.40
18-Sep-2020,RTGS,00.00,133.80,267.60
18-Sep-2020,Transfer,00.00,133.80,133.80
18-Sep-2020,NEFT,00.00,26.76,107.04
18-Sep-2020,RTGS,"3,908.70",00.00,"4,015.74"
18-Sep-2020,IMPS,00.00,"1,003.94","3,011.80"
18-Sep-2020,Purchase,00.00,"1,003.93","2,007.87"
18-Sep-2020,Tax,"6,936.09",00.00,"8,943.96"
18-Sep-2020,Commission,00.00,993.77,"7,950.19"
18-Sep-2020,RTGS,276.84,00.00,"8,227.03"
18-Sep-2020,NEFT,00.00,"2,742.34","5,484.69"
18-Sep-2020,Bill,"146,966.10",00.00,"152,450.79"
18-Sep-2020,Bill,140.70,00.00,"152,591.49"
18-Sep-2020,IMPS,05.00,00.00,"152,596.49"
18-Sep-2020,RTGS,00.00,"21,799.50","130,796.99"
18-Sep-2020,IMPS,00.00,"32,699.25","98,097.74"
18-Sep-2020,IMPS,69.00,00.00,"98,166.74"
18-Sep-2020,ATM,"1,890,558.00",00.00,"1,988,724.74"
18-Sep-2020,Debit Card,"8,482.20",00.00,"1,997,206.94"
18-Sep-2020,Tax,00.00,"665,735.65","1,331,471.29"
18-Sep-2020,Miscellaneous,00.00,"665,735.65","665,735.64"
18-Sep-2020,Commission,00.00,"665,735.64",00.00
18-Sep-2020,Interest,"358,288.00",00.00,"358,288.00"
18-Sep-2020,Tax,05.00,00.00,"358,293.00"
18-Sep-2020,Purchase,00.00,"59,715.50","298,577.50"
18-Sep-2020,Miscellaneous,26.20,00.00,"298,603.70"
18-Sep-2020,NEFT,47.13,00.00,"298,650.83"
18-Sep-2020,Debit Card,00.00,"49,775.14","248,875.69"
18-Sep-2020,Reversal,531.00,00.00,"249,406.69"
18-Sep-2020,Tax,"1,523,086.00",00.00,"1,772,492.69"
18-Sep-2020,Cash,"27,525.80",00.00,"1,800,018.49"
18-Sep-2020,Reversal,00.00,"225,002.31","1,575,016.18"
19-Sep-2020,Purchase,00.00,"157,501.62","1,417,514.56"
19-Sep-2020,ATM,00.00,"141,751.46","1,275,763.10"
19-Sep-2020,RTGS,"116,363.20",00.00,"1,392,126.30"
19-Sep-2020,Interest,46.00,00.00,"1,392,172.30"
19-Sep-2020,Miscellaneous,"1,374.76",00.00,"1,393,547.06"
19-Sep-2020,Cheque,00.00,"278,709.41","1,114,837.65"
19-Sep-2020,Cheque,"23,227.50",00.00,"1,138,065.15"
19-Sep-2020,Cash,"155,419.75",00.00,"1,293,484.90"
19-Sep-2020,RTGS,00.00,"184,783.56","1,108,701.34"
19-Sep-2020,Commission,"1,864,383.50",00.00,"2,973,084.84"
20-Sep-2020,Interest,"1,609.00",00.00,"2,974,693.84"
20-Sep-2020,Bill,02.70,00.00,"2,974,696.54"
20-Sep-2020,Debit Card,496.50,00.00,"2,975,193.04"
20-Sep-2020,Cash,478.00,00.00,"2,975,671.04"
20-Sep-2020,IMPS,35.40,00.00,"2,975,706.44"
20-Sep-2020,Transfer,"853,460.00",00.00,"3,829,166.44"
20-Sep-2020,Miscellaneous,00.00,"382,916.64","3,446,249.80"
20-Sep-2020,Commission,"9,441.34",00.00,"3,455,691.14"
20-Sep-2020,Purchase,"27,688.60",00.00,"3,483,379.74"
20-Sep-2020,Debit Card,01.60,00.00,"3,483,381.34"
20-Sep-2020,Purchase,"4,067.30",00.00,"3,487,448.64"
21-Sep-2020,Cash,00.00,"871,862.16","2,615,586.48"
21-Sep-2020,ATM,"3,960.60",00.00,"2,619,547.08"
21-Sep-2020,Tax,"149,289.25",00.00,"2,768,836.33"
21-Sep-2020,Tax,376.00,00.00,"2,769,212.33"
21-Sep-2020,RTGS,00.00,"307,690.26","2,461,522.07"
21-Sep-2020,NEFT,00.00,"615,380.52","1,846,141.55"
21-Sep-2020,Miscellaneous,00.00,"461,535.39","1,384,606.16"
21-Sep-2020,Purchase,"191,195.09",00.00,"1,575,801.25"
21-Sep-2020,Reversal,10.00,00.00,"1,575,811.25"
22-Sep-2020,Reversal,475.13,00.00,"1,576,286.38"
22-Sep-2020,Bill,00.00,"197,035.80","1,379,250.58"
22-Sep-2020,Bill,53.70,00.00,"1,379,304.28"
22-Sep-2020,Cash,00.00,"197,043.47","1,182,260.81"
22-Sep-2020,Reversal,00.00,"197,043.47","985,217.34"
22-Sep-2020,Reversal,"73,899.00",00.00,"1,059,116.34"
22-Sep-2020,Commission,"24,678.50",00.00,"1,083,794.84"
22-Sep-2020,Debit Card,00.00,"120,421.65","963,373.19"
22-Sep-2020,Interest,00.00,"240,843.30","722,529.89"
22-Sep-2020,IMPS,441.20,00.00,"722,971.09"
22-Sep-2020,Debit Card,03.90,00.00,"722,974.99"
22-Sep-2020,NEFT,"1,933,335.50",00.00,"2,656,310.49"
23-Sep-2020,Cash,37.64,00.00,"2,656,348.13"
23-Sep-2020,Cheque,"222,988.10",00.00,"2,879,336.23"
23-Sep-2020,ATM,00.00,"319,926.25","2,559,409.98"
23-Sep-2020,RTGS,109.88,00.00,"2,559,519.86"
23-Sep-2020,RTGS,00.00,"2,559,519.86",00.00
23-Sep-2020,RTGS,"2,538.70",00.00,"2,538.70"
23-Sep-2020,Interest,00.00,"1,269.35","1,269.35"
23-Sep-2020,NEFT,00.00,"1,269.35",00.00
23-Sep-2020,ATM,42.90,00.00,42.90
23-Sep-2020,Interest,00.00,07.15,35.75
23-Sep-2020,Reversal,107.40,00.00,143.15
23-Sep-2020,Bill,"1,992.45",00.00,"2,135.60"
23-Sep-2020,Debit Card,58.00,00.00,"2,193.60"
23-Sep-2020,Debit Card,00.00,243.73,"1,949.87"
23-Sep-2020,Cheque,00.00,389.97,"1,559.90"
23-Sep-2020,Bill,00.00,173.32,"1,386.58"
23-Sep-2020,Commission,"1,288.00",00.00,"2,674.58"
23-Sep-2020,Tax,01.92,00.00,"2,676.50"
23-Sep-2020,ATM,00.00,"2,676.50",00.00
23-Sep-2020,Purchase,62.00,00.00,62.00
23-Sep-2020,Reversal,"76,454.25",00.00,"76,516.25"
23-Sep-2020,Purchase,377.80,00.00,"76,894.05"
24-Sep-2020,NEFT,"14,252.06",00.00,"91,146.11"
24-Sep-2020,Commission,00.00,"45,573.06","45,573.06"
24-Sep-2020,Cheque,00.00,"15,191.02","30,382.04"
24-Sep-2020,Bill,00.00,"15,191.02","15,191.02"
24-Sep-2020,Commission,00.00,"1,519.10","13,671.92"
24-Sep-2020,NEFT,02.30,00.00,"13,674.22"
24-Sep-2020,Debit Card,00.00,"1,519.36","12,154.86"
24-Sep-2020,Cheque,"25,178.00",00.00,"37,332.86"
24-Sep-2020,Purchase,00.00,"12,444.29","24,888.57"
24-Sep-2020,Tax,00.00,"6,222.14","18,666.43"
24-Sep-2020,Transfer,300.00,00.00,"18,966.43"
24-Sep-2020,Tax,"3,452.10",00.00,"22,418.53"
24-Sep-2020,Bill,"25,587.95",00.00,"48,006.48"
24-Sep-2020,IMPS,"8,961.66",00.00,"56,968.14"
24-Sep-2020,Tax,00.00,"5,696.81","51,271.33"
24-Sep-2020,Purchase,05.00,00.00,"51,276.33"
24-Sep-2020,Cash,"1,441.00",00.00,"52,717.33"
24-Sep-2020,IMPS,59.40,00.00,"52,776.73"
24-Sep-2020,Transfer,31.00,00.00,"52,807.73"
24-Sep-2020,NEFT,00.00,"26,403.87","26,403.86"
24-Sep-2020,Interest,05.00,00.00,"26,408.86"
24-Sep-2020,IMPS,00.00,"26,408.86",00.00
24-Sep-2020,NEFT,"8,845.40",00.00,"8,845.40"
24-Sep-2020,Reversal,287.00,00.00,"9,132.40"
24-Sep-2020,Bill,00.00,"1,826.48","7,305.92"
24-Sep-2020,Miscellaneous,00.00,"1,217.65","6,088.27"
24-Sep-2020,Bill,"129,407.40",00.00,"135,495.67"
24-Sep-2020,Miscellaneous,00.00,"135,495.67",00.00
24-Sep-2020,Bill,05.61,00.00,05.61
24-Sep-2020,NEFT,00.00,00.56,05.05
24-Sep-2020,IMPS,00.00,00.51,04.54
24-Sep-2020,IMPS,00.00,00.91,03.63
24-Sep-2020,ATM,04.00,00.00,07.63
24-Sep-2020,ATM,"38,838.20",00.00,"38,845.83"
24-Sep-2020,Tax,00.00,"9,711.46","29,134.37"
24-Sep-2020,Bill,00.00,"3,237.15","25,897.22"
24-Sep-2020,Interest,44.58,00.00,"25,941.80"
24-Sep-2020,ATM,38.89,00.00,"25,980.69"
24-Sep-2020,ATM,00.00,"8,660.23","17,320.46"
24-Sep-2020,RTGS,"131,430.00",00.00,"148,750.46"
25-Sep-2020,Cash,"2,619.10",00.00,"151,369.56"
25-Sep-2020,Interest,03.00,00.00,"151,372.56"
25-Sep-2020,ATM,00.00,"75,686.28","75,686.28"
25-Sep-2020,IMPS,34.00,00.00,"75,720.28"
25-Sep-2020,Debit Card,00.00,"18,930.07","56,790.21"
25-Sep-2020,Tax,07.00,00.00,"56,797.21"
25-Sep-2020,Purchase,00.00,"56,797.21",00.00
25-Sep-2020,Reversal,73.80,00.00,73.80
26-Sep-2020,Commission,"12,850.60",00.00,"12,924.40"
26-Sep-2020,Interest,"22,297.46",00.00,"35,221.86"
26-Sep-2020,Tax,00.00,"35,221.86",00.00
26-Sep-2020,RTGS,05.00,00.00,05.00
26-Sep-2020,Reversal,"28,731.40",00.00,"28,736.40"
26-Sep-2020,NEFT,00.00,"3,192.93","25,543.47"
26-Sep-2020,Cash,"31,751.80",00.00,"57,295.27"
26-Sep-2020,Bill,00.00,"57,295.27",00.00
26-Sep-2020,Cheque,"902,573.80",00.00,"902,573.80"
26-Sep-2020,Cash,00.00,"112,821.73","789,752.08"
26-Sep-2020,RTGS,04.80,00.00,"789,756.88"
26-Sep-2020,Bill,03.00,00.00,"789,759.88"
26-Sep-2020,Cash,00.00,"157,951.98","631,807.90"
26-Sep-2020,Reversal,00.00,"70,200.88","561,607.02"
26-Sep-2020,Reversal,20.15,00.00,"561,627.17"
26-Sep-2020,Reversal,04.54,00.00,"561,631.71"
26-Sep-2020,ATM,"1,474,867.75",00.00,"2,036,499.46"
26-Sep-2020,IMPS,"12,068.15",00.00,"2,048,567.61"
27-Sep-2020,Purchase,00.00,"341,427.94","1,707,139.68"
27-Sep-2020,Bill,388.64,00.00,"1,707,528.32"
27-Sep-2020,IMPS,"1,514,982.75",00.00,"3,222,511.07"
27-Sep-2020,Interest,00.00,"537,085.18","2,685,425.89"
27-Sep-2020,Purchase,"897,084.25",00.00,"3,582,510.14"
27-Sep-2020,ATM,32.00,00.00,"3,582,542.14"
27-Sep-2020,Purchase,"107,495.22",00.00,"3,690,037.36"
27-Sep-2020,NEFT,00.00,"527,148.19","3,162,889.17"
27-Sep-2020,Reversal,00.00,"316,288.92","2,846,600.25"
27-Sep-2020,Tax,"71,165.00",00.00,"2,917,765.25"
27-Sep-2020,RTGS,03.90,00.00,"2,917,769.15"
27-Sep-2020,NEFT,00.00,"364,721.14","2,553,048.01"
27-Sep-2020,Miscellaneous,00.00,"255,304.80","2,297,743.21"
27-Sep-2020,NEFT,"84,276.00",00.00,"2,382,019.21"
27-Sep-2020,Bill,512.00,00.00,"2,382,531.21"
27-Sep-2020,NEFT,28.00,00.00,"2,382,559.21"
27-Sep-2020,Reversal,00.00,"2,382,559.21",00.00
27-Sep-2020,Transfer,"1,477,663.00",00.00,"1,477,663.00"
27-Sep-2020,Cheque,00.00,"164,184.78","1,313,478.22"
27-Sep-2020,Cheque,00.00,"218,913.04","1,094,565.18"
27-Sep-2020,Debit Card,00.00,"136,820.65","957,744.53"
27-Sep-2020,Cheque,"20,370.66",00.00,"978,115.19"
27-Sep-2020,Cheque,00.00,"489,057.60","489,057.60"
27-Sep-2020,Tax,"12,487.18",00.00,"501,544.78"
27-Sep-2020,Cheque,00.00,"125,386.20","376,158.58"
27-Sep-2020,IMPS,00.00,"188,079.29","188,079.29"
27-Sep-2020,RTGS,00.00,"188,079.29",00.00
27-Sep-2020,Debit Card,"12,213.10",00.00,"12,213.10"
27-Sep-2020,IMPS,504.30,00.00,"12,717.40"
27-Sep-2020,Reversal,00.00,"1,271.74","11,445.66"
27-Sep-2020,Transfer,00.00,"1,271.74","10,173.92"
27-Sep-2020,Miscellaneous,00.00,"1,695.65","8,478.27"
27-Sep-2020,IMPS,"21,185.30",00.00,"29,663.57"
27-Sep-2020,Cash,00.00,"3,707.95","25,955.62"
27-Sep-2020,NEFT,00.00,"3,244.45","22,711.17"
27-Sep-2020,Bill,"25,388.45",00.00,"48,099.62"
27-Sep-2020,Miscellaneous,"8,538.50",00.00,"56,638.12"
27-Sep-2020,Cheque,416.94,00.00,"57,055.06"
27-Sep-2020,Tax,00.00,"14,263.77","42,791.30"
27-Sep-2020,Miscellaneous,57.50,00.00,"42,848.80"
27-Sep-2020,Tax,"29,055.90",00.00,"71,904.70"
27-Sep-2020,RTGS,00.00,"23,968.23","47,936.47"
27-Sep-2020,Cash,"209,641.00",00.00,"257,577.47"
27-Sep-2020,Reversal,"20,317.79",00.00,"277,895.26"
28-Sep-2020,Bill,00.00,"46,315.88","231,579.38"
28-Sep-2020,RTGS,"16,760.19",00.00,"248,339.57"
28-Sep-2020,Bill,00.00,"24,833.96","223,505.61"
28-Sep-2020,Tax,"210,337.69",00.00,"433,843.30"
28-Sep-2020,RTGS,"1,493.00",00.00,"435,336.30"
28-Sep-2020,Interest,00.00,"145,112.10","290,224.20"
28-Sep-2020,Transfer,00.00,"145,112.10","145,112.10"
28-Sep-2020,Tax,07.14,00.00,"145,119.24"
28-Sep-2020,Cash,00.00,"36,279.81","108,839.43"
28-Sep-2020,Transfer,"13,646.00",00.00,"122,485.43"
28-Sep-2020,RTGS,"109,819.70",00.00,"232,305.13"
28-Sep-2020,Cash,00.00,"232,305.13",00.00
28-Sep-2020,NEFT,"19,387.10",00.00,"19,387.10"
28-Sep-2020,Reversal,60.00,00.00,"19,447.10"
28-Sep-2020,RTGS,00.00,"6,482.37","12,964.73"
28-Sep-2020,Commission,19.97,00.00,"12,984.70"
28-Sep-2020,Cash,00.00,"1,854.96","11,129.74"
28-Sep-2020,Transfer,01.60,00.00,"11,131.34"
28-Sep-2020,Cash,00.00,"1,391.42","9,739.92"
28-Sep-2020,Interest,00.00,"1,623.32","8,116.60"
28-Sep-2020,Reversal,"86,461.00",00.00,"94,577.60"
28-Sep-2020,Interest,35.00,00.00,"94,612.60"
28-Sep-2020,IMPS,05.00,00.00,"94,617.60"
28-Sep-2020,Purchase,490.00,00.00,"95,107.60"
28-Sep-2020,Debit Card,00.00,"10,567.51","84,540.09"
28-Sep-2020,Commission,"202,301.80",00.00,"286,841.89"
28-Sep-2020,Purchase,00.00,"286,841.89",00.00
28-Sep-2020,RTGS,"19,819.24",00.00,"19,819.24"
28-Sep-2020,Cash,"1,238,927.00",00.00,"1,258,746.24"
28-Sep-2020,RTGS,00.00,"179,820.89","1,078,925.35"
28-Sep-2020,Tax,354.68,00.00,"1,079,280.03"
28-Sep-2020,NEFT,02.30,00.00,"1,079,282.33"
28-Sep-2020,NEFT,33.00,00.00,"1,079,315.33"
28-Sep-2020,ATM,20.00,00.00,"1,079,335.33"
28-Sep-2020,RTGS,00.00,"107,933.53","971,401.80"
28-Sep-2020,Bill,"1,408,102.00",00.00,"2,379,503.80"
28-Sep-2020,Debit Card,00.00,"339,929.11","2,039,574.69"
28-Sep-2020,IMPS,08.00,00.00,"2,039,582.69"
28-Sep-2020,RTGS,"23,293.00",00.00,"2,062,875.69"
28-Sep-2020,Tax,00.00,"206,287.57","1,856,588.12"
29-Sep-2020,Commission,00.00,"309,431.35","1,547,156.77"
29-Sep-2020,NEFT,00.00,"515,718.92","1,031,437.85"
29-Sep-2020,Transfer,58.90,00.00,"1,031,496.75"
29-Sep-2020,RTGS,00.00,"206,299.35","825,197.40"
29-Sep-2020,Interest,00.00,"82,519.74","742,677.66"
29-Sep-2020,Transfer,05.00,00.00,"742,682.66"
29-Sep-2020,Debit Card,53.09,00.00,"742,735.75"
29-Sep-2020,Bill,00.00,"148,547.15","594,188.60"
29-Sep-2020,Reversal,00.00,"297,094.30","297,094.30"
29-Sep-2020,Cheque,"49,162.00",00.00,"346,256.30"
29-Sep-2020,Transfer,"102,012.00",00.00,"448,268.30"
29-Sep-2020,Bill,00.00,"448,268.30",00.00
29-Sep-2020,Reversal,03.00,00.00,03.00
30-Sep-2020,IMPS,"3,598.00",00.00,"3,601.00"
30-Sep-2020,IMPS,00.00,"3,601.00",00.00
01-Oct-2020,IMPS,02.44,00.00,02.44
01-Oct-2020,Miscellaneous,00.00,00.35,02.09
01-Oct-2020,ATM,00.00,01.05,01.04
02-Oct-2020,Reversal,00.00,00.17,00.87
02-Oct-2020,Interest,"1,038,375.50",00.00,"1,038,376.37"
02-Oct-2020,Commission,00.00,"115,375.15","923,001.22"
02-Oct-2020,RTGS,00.00,"307,667.07","615,334.15"
02-Oct-2020,Transfer,"203,637.00",00.00,"818,971.15"
02-Oct-2020,ATM,00.00,"163,794.23","655,176.92"
02-Oct-2020,Tax,327.80,00.00,"655,504.72"
02-Oct-2020,IMPS,00.00,"327,752.36","327,752.36"
02-Oct-2020,Cheque,"23,844.12",00.00,"351,596.48"
02-Oct-2020,Transfer,211.23,00.00,"351,807.71"
02-Oct-2020,Tax,41.42,00.00,"351,849.13"
02-Oct-2020,Bill,00.00,"50,264.16","301,584.97"
02-Oct-2020,ATM,74.00,00.00,"301,658.97"
02-Oct-2020,Reversal,00.00,"301,658.97",00.00
02-Oct-2020,Debit Card,48.80,00.00,48.80
02-Oct-2020,RTGS,00.00,06.10,42.70
02-Oct-2020,IMPS,00.00,08.54,34.16
02-Oct-2020,Bill,00.00,06.83,27.33
02-Oct-2020,ATM,00.00,09.11,18.22
02-Oct-2020,Purchase,"30,185.50",00.00,"30,203.72"
02-Oct-2020,NEFT,00.00,"6,040.74","24,162.98"
02-Oct-2020,IMPS,00.00,"4,832.60","19,330.38"
02-Oct-2020,Cash,00.00,"9,665.19","9,665.19"
02-Oct-2020,Commission,00.00,"1,380.74","8,284.45"
02-Oct-2020,Interest,"143,794.00",00.00,"152,078.45"
02-Oct-2020,Debit Card,"2,947.20",00.00,"155,025.65"
02-Oct-2020,Debit Card,00.00,"25,837.61","129,188.04"
02-Oct-2020,Transfer,04.00,00.00,"129,192.04"
02-Oct-2020,Transfer,"2,815.14",00.00,"132,007.18"
02-Oct-2020,Tax,00.70,00.00,"132,007.88"
02-Oct-2020,Transfer,00.00,"132,007.88",00.00
02-Oct-2020,Miscellaneous,05.00,00.00,05.00
02-Oct-2020,RTGS,"76,403.22",00.00,"76,408.22"
02-Oct-2020,Cash,00.00,"19,102.06","57,306.16"
02-Oct-2020,Bill,"1,655.00",00.00,"58,961.16"
02-Oct-2020,Debit Card,00.00,"5,896.12","53,065.04"
02-Oct-2020,Debit Card,"1,218,957.00",00.00,"1,272,022.04"
02-Oct-2020,IMPS,00.00,"127,202.20","1,144,819.84"
02-Oct-2020,Bill,"1,390,978.20",00.00,"2,535,798.04"
02-Oct-2020,RTGS,00.00,"281,755.34","2,254,042.70"
03-Oct-2020,Cheque,"27,524.00",00.00,"2,281,566.70"
03-Oct-2020,Cash,00.00,"285,195.84","1,996,370.86"
04-Oct-2020,Commission,00.00,"998,185.43","998,185.43"
04-Oct-2020,IMPS,00.00,"99,818.54","898,366.89"
04-Oct-2020,Miscellaneous,"7,837.00",00.00,"906,203.89"
04-Oct-2020,Transfer,00.00,"453,101.95","453,101.94"
04-Oct-2020,ATM,363.18,00.00,"453,465.12"
04-Oct-2020,Cash,00.00,"50,385.01","403,080.11"
04-Oct-2020,IMPS,"1,443,622.00",00.00,"1,846,702.11"
04-Oct-2020,RTGS,"3,347.60",00.00,"1,850,049.71"
04-Oct-2020,RTGS,00.00,"616,683.24","1,233,366.47"
04-Oct-2020,Debit Card,"150,470.62",00.00,"1,383,837.09"
04-Oct-2020,Tax,63.00,00.00,"1,383,900.09"
04-Oct-2020,Bill,203.33,00.00,"1,384,103.42"
04-Oct-2020,Reversal,00.00,"346,025.86","1,038,077.56"
04-Oct-2020,Transfer,"1,101.00",00.00,"1,039,178.56"
04-Oct-2020,NEFT,00.00,"103,917.86","935,260.70"
04-Oct-2020,ATM,00.00,"187,052.14","748,208.56"
04-Oct-2020,IMPS,00.00,"124,701.43","623,507.13"
04-Oct-2020,Cash,00.00,"311,753.57","311,753.56"
05-Oct-2020,Transfer,00.00,"77,938.39","233,815.17"
05-Oct-2020,IMPS,102.00,00.00,"233,917.17"
05-Oct-2020,ATM,00.00,"233,917.17",00.00
05-Oct-2020,Commission,"3,973.23",00.00,"3,973.23"
05-Oct-2020,Cheque,"443,570.00",00.00,"447,543.23"
05-Oct-2020,NEFT,00.00,"49,727.03","397,816.20"
05-Oct-2020,Purchase,00.00,"397,816.20",00.00
05-Oct-2020,IMPS,137.45,00.00,137.45
05-Oct-2020,Miscellaneous,00.00,45.82,91.63
05-Oct-2020,Purchase,"1,960.00",00.00,"2,051.63"
05-Oct-2020,Commission,"1,359.10",00.00,"3,410.73"
05-Oct-2020,Cash,00.00,"1,705.37","1,705.36"
05-Oct-2020,NEFT,06.40,00.00,"1,711.76"
05-Oct-2020,Interest,00.00,285.29,"1,426.47"
05-Oct-2020,IMPS,00.00,158.50,"1,267.97"
05-Oct-2020,Debit Card,00.00,181.14,"1,086.83"
05-Oct-2020,Cash,05.96,00.00,"1,092.79"
05-Oct-2020,Reversal,00.00,109.28,983.51
05-Oct-2020,Tax,641.00,00.00,"1,624.51"
05-Oct-2020,Reversal,911.00,00.00,"2,535.51"
05-Oct-2020,Tax,00.00,507.10,"2,028.41"
05-Oct-2020,Miscellaneous,00.00,676.14,"1,352.27"
05-Oct-2020,NEFT,00.00,193.18,"1,159.09"
05-Oct-2020,Purchase,21.33,00.00,"1,180.42"
05-Oct-2020,Transfer,44.11,00.00,"1,224.53"
05-Oct-2020,IMPS,00.00,612.27,612.26
05-Oct-2020,Transfer,"168,429.00",00.00,"169,041.26"
06-Oct-2020,Cash,"1,802,968.00",00.00,"1,972,009.26"
07-Oct-2020,IMPS,64.24,00.00,"1,972,073.50"
07-Oct-2020,RTGS,"1,840,410.00",00.00,"3,812,483.50"
07-Oct-2020,NEFT,00.00,"1,270,827.83","2,541,655.67"
07-Oct-2020,IMPS,"1,348,931.00",00.00,"3,890,586.67"
07-Oct-2020,ATM,00.00,"432,287.41","3,458,299.26"
07-Oct-2020,Cheque,"1,666.40",00.00,"3,459,965.66"
07-Oct-2020,ATM,11.00,00.00,"3,459,976.66"
07-Oct-2020,Purchase,00.00,"345,997.67","3,113,978.99"
07-Oct-2020,Cash,00.00,"3,113,978.99",00.00
07-Oct-2020,Transfer,50.00,00.00,50.00
07-Oct-2020,Cash,00.00,10.00,40.00
07-Oct-2020,Tax,00.00,20.00,20.00
07-Oct-2020,Transfer,496.86,00.00,516.86
07-Oct-2020,RTGS,00.00,64.61,452.25
07-Oct-2020,Transfer,"830,130.25",00.00,"830,582.50"
07-Oct-2020,Reversal,00.00,"103,822.81","726,759.69"
07-Oct-2020,Cash,36.00,00.00,"726,795.69"
07-Oct-2020,Tax,00.00,"181,698.92","545,096.77"
07-Oct-2020,Reversal,"161,347.00",00.00,"706,443.77"
07-Oct-2020,Reversal,00.00,"117,740.63","588,703.14"
07-Oct-2020,RTGS,211.00,00.00,"588,914.14"
07-Oct-2020,ATM,00.00,"196,304.71","392,609.43"
07-Oct-2020,IMPS,95.50,00.00,"392,704.93"
07-Oct-2020,Purchase,00.00,"65,450.82","327,254.11"
07-Oct-2020,Debit Card,30.45,00.00,"327,284.56"
07-Oct-2020,Tax,00.00,"81,821.14","245,463.42"
07-Oct-2020,Cash,00.00,"81,821.14","163,642.28"
07-Oct-2020,Purchase,00.00,"16,364.23","147,278.05"
08-Oct-2020,Transfer,00.00,"24,546.34","122,731.71"
08-Oct-2020,ATM,19.70,00.00,"122,751.41"
08-Oct-2020,RTGS,05.48,00.00,"122,756.89"
08-Oct-2020,Interest,00.00,"61,378.45","61,378.44"
08-Oct-2020,Tax,"2,877.40",00.00,"64,255.84"
08-Oct-2020,Tax,"3,388.22",00.00,"67,644.06"
08-Oct-2020,Interest,"6,887.50",00.00,"74,531.56"
08-Oct-2020,Bill,00.00,"10,647.37","63,884.19"
08-Oct-2020,NEFT,00.00,"6,388.42","57,495.77"
08-Oct-2020,Bill,"1,866.60",00.00,"59,362.37"
08-Oct-2020,Interest,00.00,"19,787.46","39,574.91"
08-Oct-2020,Reversal,00.00,"9,893.73","29,681.18"
08-Oct-2020,ATM,03.53,00.00,"29,684.71"
08-Oct-2020,Cash,00.00,"2,968.47","26,716.24"
08-Oct-2020,Miscellaneous,25.00,00.00,"26,741.24"
08-Oct-2020,Transfer,00.00,"13,370.62","13,370.62"
08-Oct-2020,Debit Card,00.00,"3,342.66","10,027.96"
08-Oct-2020,Miscellaneous,00.00,"1,671.33","8,356.63"
08-Oct-2020,Miscellaneous,04.84,00.00,"8,361.47"
08-Oct-2020,Interest,00.00,"1,672.29","6,689.18"
08-Oct-2020,ATM,09.00,00.00,"6,698.18"
08-Oct-2020,Miscellaneous,00.00,"6,698.18",00.00
08-Oct-2020,IMPS,341.84,00.00,341.84
08-Oct-2020,NEFT,00.00,85.46,256.38
08-Oct-2020,Commission,506.98,00.00,763.36
08-Oct-2020,Interest,00.00,95.42,667.94
08-Oct-2020,Miscellaneous,"144,086.00",00.00,"144,753.94"
08-Oct-2020,NEFT,00.00,"18,094.24","126,659.70"
08-Oct-2020,RTGS,00.00,"21,109.95","105,549.75"
08-Oct-2020,RTGS,00.00,"52,774.88","52,774.88"
08-Oct-2020,Purchase,00.00,"5,863.88","46,911.00"
08-Oct-2020,Miscellaneous,"358,845.00",00.00,"405,756.00"
08-Oct-2020,Purchase,43.00,00.00,"405,799.00"
08-Oct-2020,Miscellaneous,00.00,"81,159.80","324,639.20"
08-Oct-2020,Cheque,"522,390.25",00.00,"847,029.45"
08-Oct-2020,Interest,00.00,"94,114.38","752,915.07"
09-Oct-2020,Cheque,00.00,"150,583.01","602,332.06"
09-Oct-2020,Tax,00.00,"602,332.06",00.00
09-Oct-2020,IMPS,168.00,00.00,168.00
09-Oct-2020,Commission,"31,331.80",00.00,"31,499.80"
09-Oct-2020,Transfer,14.74,00.00,"31,514.54"
09-Oct-2020,Interest,"200,068.50",00.00,"231,583.04"
09-Oct-2020,Bill,01.00,00.00,"231,584.04"
09-Oct-2020,Bill,58.09,00.00,"231,642.13"
